/home/zenhacker/XenutsZone/WorkBench/AcademicMan/Xenuts-Bibliography.bib